<record><leader>00000cas a2200000 a 4500</leader><controlfield tag="001">12091184</controlfield><controlfield tag="008">850529d18981899ksuwr ne      0    0eng d</controlfield><datafield ind1=" " ind2=" " tag="010"><subfield code="a">sn 85029540 </subfield></datafield><datafield ind1=" " ind2=" " tag="040"><subfield code="a">KSH</subfield><subfield code="b">eng</subfield><subfield code="c">KSH</subfield><subfield code="d">NPT</subfield><subfield code="d">OCL</subfield><subfield code="d">OCLCQ</subfield></datafield><datafield ind1=" " ind2=" " tag="042"><subfield code="a">msc</subfield></datafield><datafield ind1="0" ind2="4" tag="245"><subfield code="a">The Potter press and Easton light.</subfield></datafield><datafield ind1=" " ind2=" " tag="260"><subfield code="a">Easton, Kan. ;</subfield><subfield code="a">Potter, Kan. :</subfield><subfield code="b">[M.L. &amp; K. Lockwood],</subfield><subfield code="c">1898-</subfield></datafield><datafield ind1=" " ind2=" " tag="300"><subfield code="a">v. :</subfield><subfield code="b">ill. ;</subfield><subfield code="c">48 cm.</subfield></datafield><datafield ind1=" " ind2=" " tag="310"><subfield code="a">Weekly</subfield></datafield><datafield ind1="0" ind2=" " tag="362"><subfield code="a">New ser., no. 1 (Oct. 6, 1898)-</subfield></datafield><datafield ind1="1" ind2=" " tag="362"><subfield code="a">Ceased in 1899?</subfield></datafield><datafield ind1=" " ind2=" " tag="500"><subfield code="a">Also published as: Easton light and the Potter press.</subfield></datafield><datafield ind1=" " ind2=" " tag="752"><subfield code="a">United States</subfield><subfield code="b">Kansas</subfield><subfield code="c">Leavenworth</subfield><subfield code="d">Easton.</subfield></datafield><datafield ind1=" " ind2=" " tag="752"><subfield code="a">United States</subfield><subfield code="b">Kansas</subfield><subfield code="c">Atchison</subfield><subfield code="d">Potter.</subfield></datafield><datafield ind1="0" ind2="4" tag="780"><subfield code="t">Potter press (Potter, Kan. : 1898)</subfield><subfield code="w">(DLC)sn 83040092</subfield></datafield><datafield ind1="0" ind2="4" tag="780"><subfield code="t">Easton light (Easton, Kan. : 1895)</subfield><subfield code="w">(DLC)sn 85029197</subfield></datafield><datafield ind1="0" ind2="0" tag="785"><subfield code="t">Potter press (Easton, Kan.)</subfield><subfield code="w">(DLC)sn 85029232</subfield></datafield><datafield ind1="1" ind2=" " tag="787"><subfield code="t">Easton light and the Potter press</subfield><subfield code="w">(DLC)sn 85029227</subfield></datafield></record>